\begin{filecontents*}{literature.bib}

@article{Travis,
  title={UTD at TREC 2014: Query Expansion for Clinical Decision Support},
  author={Goodwin, Travis and Harabagiu, Sanda M},
  year={2014},
   booktitle = {Proceedings of The Twenty-Third Text REtrieval Conference, {TREC}}
}

@inproceedings{palotti14_trec,
  author    = {Jo{\~{a}}o Palotti and Navid Rekabsaz and Linda Anderson and Allan Hanbury},
  title     = {{TUW @ TREC Clinical Decision Support Track}},
  booktitle = {Proceedings of The Twenty-Third Text REtrieval Conference, {TREC}},
  year      = {2014},
}


@article{hinton2000,
  added-at = {2011-11-17T00:00:00.000+0100},
  author = {Hinton, Geoffrey E.},
  biburl = {http://www.bibsonomy.org/bibtex/256eb49879b99ef7e3687afabcf0334e5/dblp},
  ee = {http://dx.doi.org/10.1162/089976602760128018},
  interhash = {05d99c7f30346f6644e5a803d4245660},
  intrahash = {56eb49879b99ef7e3687afabcf0334e5},
  journal = {Neural Computation},
  keywords = {dblp},
  number = 8,
  pages = {1771-1800},
  timestamp = {2011-11-18T11:34:16.000+0100},
  title = {Training Products of Experts by Minimizing Contrastive Divergence},
  volume = 14,
  year = 2002
}

@INPROCEEDINGS{aistats,
title = {Proceedings of Artificial Intelligence and Statistics 2001},
booktitle = {Products of Hidden Markov Models},
author = {Brown, Andrew  and Hinton, Geoffrey},
year = {2001},
number = {GCNU TR 2000-008}
}


\end{filecontents*}
\setbeamertemplate{bibliography item}[triangle]

