@article{Ghahramani,
 author = {Ghahramani, Zoubin},
 chapter = {An Introduction to Hidden Markov Models and Bayesian Networks},
 title = {Hidden Markov Models},
 year = {2002},
 isbn = {981-02-4564-5},
 pages = {9--42},
 numpages = {34},
 url = {http://dl.acm.org/citation.cfm?id=505741.505743},
 acmid = {505743},
 publisher = {World Scientific Publishing Co., Inc.},
 address = {River Edge, NJ, USA},
} 

@article{Felice,
  added-at = {2011-08-10T00:00:00.000+0200},
  author = {Felice, M. D. and Yao, X.},
  biburl = {http://www.bibsonomy.org/bibtex/24335fd0a43fe315e7b3125616660af54/dblp},
  journal = {IEEE Comp. Int. Mag.},
  keywords = {dblp},
  number = 3,
  pages = {47-56},
  timestamp = {2011-08-11T11:32:30.000+0200},
  title = {Short-Term Load Forecasting with Neural Network Ensembles: A Comparative Study [Application Notes].},
  url = {http://dblp.uni-trier.de/db/journals/cim/cim6.html#FeliceY11},
  volume = 6,
  year = 2011
}

@inproceedings{Shen,
 author = {Shen, Wen and Babushkin, Vahan and Aung, Zeyar and Woon, Wei Lee},
 title = {An Ensemble Model for Day-ahead Electricity Demand Time Series Forecasting},
 booktitle = {Proceedings of the Fourth International Conference on Future Energy Systems},
 series = {e-Energy '13},
 year = {2013},
 isbn = {978-1-4503-2052-8},
 location = {Berkeley, California, USA},
 pages = {51--62},
 numpages = {12},
 url = {http://doi.acm.org/10.1145/2487166.2487173},
 doi = {10.1145/2487166.2487173},
 acmid = {2487173},
 publisher = {ACM},
 address = {New York, NY, USA},
 keywords = {clustering, ensemble model, time series forecasting},
} 

@ARTICLE{taban, 
author={ Taban, Gelareh and A. C?rdenas, Alvaro }, 
journal={Power Systems, IEEE Transactions on}, 
title={Data Aggregation as a Method of Protecting Privacy in Smart Grid Networks}, 
year={2012}, 
month={March},
}

@ARTICLE{Albert, 
author={Albert, A. and Rajagopal, R.}, 
journal={Power Systems, IEEE Transactions on}, 
title={Smart Meter Driven Segmentation: What Your Consumption Says About You}, 
year={2013}, 
month={Nov}, 
volume={28}, 
number={4}, 
pages={4019-4030}, 
doi={10.1109/TPWRS.2013.2266122}, 
ISSN={0885-8950},
}

@inproceedings{wijaya2014consumer,
  title={Consumer Segmentation and Knowledge Extraction from Smart Meter and Survey Data},
  author={Wijaya, Tri Kurniawan and Ganu, Tanuja and Chakraborty, Dipanjan and Aberer, Karl and Seetharam, Deva P},
  booktitle={SIAM International Conference on Data Mining (SDM14)},
  details={http://infoscience.epfl.ch/record/196276},
  location={Philadelphia, Pennsylvania, USA},
  url={https://github.com/tritritri/consumer-segmentation},
  pages= {226--234},
  number={EPFL-CONF-196276},
 doi={10.1137/1.9781611973440.26},
  unit={LSIR},
  year={2014},  
}

@INPROCEEDINGS{Zhang, 
author={Zhiheng Zhang and Shijie Ye}, 
booktitle={Information Management, Innovation Management and Industrial Engineering (ICIII), 2011 International Conference on}, 
title={Long Term Load Forecasting and Recommendations for China Based on Support Vector Regression}, 
year={2011}, 
month={Nov}, 
volume={3}, 
pages={597-602}, 
doi={10.1109/ICIII.2011.418},
}

@INPROCEEDINGS{Daneshi, 
author={Daneshi, H. and Shahidehpour, M. and Choobbari, A.L.}, 
booktitle={Electro/Information Technology, 2008. EIT 2008. IEEE International Conference on}, 
title={Long-term load forecasting in electricity market}, 
year={2008}, 
month={May}, 
pages={395-400}, 
doi={10.1109/EIT.2008.4554335},
}

@article{bassi,
  title={Medium term electric load forecasting using TLFN neural networks},
  author={Bassi, Danilo and Olivares, Oscar},
  journal={International Journal of Computers, Communications \& Control},
  volume={1},
  number={2},
  pages={23--32},
  year={2006}
}

@article{samuel,
  title={Medium-Term Load Forecasting Of Covenant University Using The Regression Analysis Methods},
  author={Samuel, Isaac A and Awelewa, Ayokunle A and others},
  journal={Journal of Energy Technologies and Policy},
  volume={4},
  number={4},
  pages={10--16},
  year={2014}
}

@INPROCEEDINGS{Falvo, 
author={Falvo, M.C. and Lamedica, R. and Pierazzo, S. and Prudenzi, A.}, 
booktitle={Transmission and Distribution Conference and Exhibition, 2005/2006 IEEE PES}, 
title={A Knowledge Based System for Medium Term Load Forecasting}, 
year={2006}, 
month={May}, 
pages={1291-1295}, 
doi={10.1109/TDC.2006.1668697},
}

@ARTICLE{Bakirtzis, 
author={Bakirtzis, A.G. and Petridis, V. and Kiartzis, S.J. and Alexiadis, M.C.}, 
journal={Power Systems, IEEE Transactions on}, 
title={A neural network short term load forecasting model for the Greek power system}, 
year={1996}, 
month={May}, 
volume={11}, 
number={2}, 
pages={858-863}, 
doi={10.1109/59.496166}, 
ISSN={0885-8950},
}

@INPROCEEDINGS{Chen, 
author={Hong Chen and Canizares, C.A. and Singh, A.}, 
booktitle={Power Engineering Society Winter Meeting, 2001. IEEE}, 
title={ANN-based short-term load forecasting in electricity markets}, 
year={2001}, 
month={}, 
volume={2}, 
pages={411-415 vol.2}, 
doi={10.1109/PESW.2001.916876},
}

@ARTICLE{Fan, 
author={Fan, J.Y. and McDonald, J.D.}, 
journal={Power Systems, IEEE Transactions on}, 
title={A real-time implementation of short-term load forecasting for distribution power systems}, 
year={1994}, 
month={May}, 
volume={9}, 
number={2}, 
pages={988-994},
doi={10.1109/59.317646}, 
ISSN={0885-8950},
}

@ARTICLE{Chow, 
author={Chow, T.W.S. and Leung, C.T.}, 
journal={Generation, Transmission and Distribution, IEE Proceedings-}, 
title={Nonlinear autoregressive integrated neural network model for short-term load forecasting}, 
year={1996}, 
month={Sep}, 
volume={143}, 
number={5}, 
pages={500-506},
doi={10.1049/ip-gtd:19960600}, 
ISSN={1350-2360},}

@inproceedings{DisaggregationHSMM,
  author = {Kim, Hyungsul and Marwah, Manish and Arlitt, Martin F. and Lyon, Geoff and Han, Jiawei},
  isbn = {978-0-898719-92-5},
  booktitle = {SIAM},
  keywords = {dblp},
  pages = {747-758},
  publisher = {SIAM / Omnipress},
  title = {Unsupervised Disaggregation of Low Frequency Power Measurements.},
  url = {http://dblp.uni-trier.de/db/conf/sdm/sdm2011.html#KimMALH11},
  year = 2011
}

@inproceedings{KolterJ12,
  author = {Kolter, J. Zico and Jaakkola, Tommi},
  keywords = {dblp},
  booktitle = {AISTATS},
  pages = {1472-1482},
  publisher = {JMLR.org},
  series = {JMLR Proceedings},
  title = {Approximate Inference in Additive Factorial HMMs with Application to Energy Disaggregation.},
  url = {http://dblp.uni-trier.de/db/journals/jmlr/jmlrp22.html#KolterJ12},
  volume = 22,
  year = 2012
}

@inproceedings{KolterF11,
  author = {Kolter, J. Zico and Ferreira, Joseph},
  keywords = {dblp},
  booktitle = {AAAI},
  publisher = {AAAI Press},
  title = {A Large-Scale Study on Predicting and Contextualizing Building Energy Usage.},
  url = {http://dblp.uni-trier.de/db/conf/aaai/aaai2011.html#KolterF11},
  year = 2011
}

@article {BLTJ:BLTJ21650,
author = {Mirowski, Piotr and Chen, Sining and Kam Ho, Tin and Yu, Chun-Nam},
title = {Demand Forecasting in Smart Grids},
journal = {Bell Labs Technical Journal},
volume = {18},
number = {4},
publisher = {Wiley Subscription Services, Inc., A Wiley Company},
issn = {1538-7305},
url = {http://dx.doi.org/10.1002/bltj.21650},
doi = {10.1002/bltj.21650},
pages = {135--158},
year = {2014},
}

@INPROCEEDINGS{Heinzelman00energy,
    author = {Wendi Rabiner Heinzelman and Anantha Ch and Hari Balakrishnan},
    title = {Energy-efficient communication protocol for wireless microsensor networks},
    booktitle = {},
    year = {2000},
    pages = {3005--3014}
}
@inproceedings{Taylor,
 author = {Taylor, Graham W. and Hinton, Geoffrey E.},
 title = {Products of Hidden Markov Models: It Takes N >1 to Tango},
 booktitle = {Proceedings of the Twenty-Fifth Conference on Uncertainty in Artificial Intelligence},
 series = {UAI '09},
 year = {2009},
 isbn = {978-0-9749039-5-8},
 location = {Montreal, Quebec, Canada},
 pages = {522--529},
 numpages = {8},
 url = {http://dl.acm.org/citation.cfm?id=1795114.1795175},
 acmid = {1795175},
 publisher = {AUAI Press},
 address = {Arlington, Virginia, United States},
} 

@article {NYAS:NYAS5921,
author = {Stern, David I.},
title = {The role of energy in economic growth},
journal = {Annals of the New York Academy of Sciences},
volume = {1219},
number = {1},
publisher = {Blackwell Publishing Inc},
issn = {1749-6632},
url = {http://dx.doi.org/10.1111/j.1749-6632.2010.05921.x},
doi = {10.1111/j.1749-6632.2010.05921.x},
pages = {26--51},
keywords = {energy, economic growth, technological change, substitution, industrial revolution},
year = {2011},
}

% Start here

@inproceedings{Wijaya,
 author = {Wijaya, Tri Kurniawan and Eberle, Julien and Aberer, Karl},
 title = {Symbolic Representation of Smart Meter Data},
 booktitle = {Proceedings of the Joint EDBT/ICDT 2013 Workshops},
 series = {EDBT '13},
 year = {2013},
 isbn = {978-1-4503-1599-9},
 location = {Genoa, Italy},
 pages = {242--248},
 numpages = {7},
 url = {http://doi.acm.org/10.1145/2457317.2457357},
 doi = {10.1145/2457317.2457357},
 acmid = {2457357},
 publisher = {ACM},
 address = {New York, NY, USA},
 keywords = {classification, data management, forecasting, sensor networks, smart meter, symbolic representation, time series},
} 

@ARTICLE{5620917, 
author={Martinez Alvarez, F. and Troncoso, A. and Riquelme, J.C. and Aguilar Ruiz, J.S.}, 
journal={Knowledge and Data Engineering, IEEE Transactions on}, 
title={Energy Time Series Forecasting Based on Pattern Sequence Similarity}, 
year={2011}, 
month={Aug}, 
volume={23}, 
number={8}, 
pages={1230-1243}, 
keywords={pattern clustering;time series;clustering techniques;data point prediction;energy time series forecasting;pattern sequence similarity;Electrostatic discharge;Silicon;Time series;forecasting;patterns.}, 
doi={10.1109/TKDE.2010.227}, 
ISSN={1041-4347}
}

@ARTICLE{1626400, 
author={Chicco, G. and Napoli, Roberto and Piglione, Federico}, 
journal={Power Systems, IEEE Transactions on}, 
title={Comparisons among clustering techniques for electricity customer classification}, 
year={2006}, 
month={May}, 
volume={21}, 
number={2}, 
pages={933-940}, 
keywords={electricity supply industry;fuzzy set theory;power distribution;principal component analysis;self-organising feature maps;tariffs;PCA;Sammon map;clustering techniques;curvilinear component analysis;distribution service providers;electricity business regulation;electricity customer classification;electricity providers;fuzzy K-means;hierarchical clustering;principal component analysis;self-organizing maps;tariff structures;unsupervised clustering algorithms;Buildings;Clustering algorithms;Condition monitoring;Databases;Fuzzy logic;Helium;Neural networks;Pattern analysis;Principal component analysis;Testing;Clustering;K-means;Sammon map;curvilinear component analysis;customer classification;follow-the-leader;fuzzy K-means;hierarchical clustering;load pattern;principal component analysis;self-organizing map (SOM)}, 
doi={10.1109/TPWRS.2006.873122}, 
ISSN={0885-8950}
}

@article{mckerracher,
year={2013},
issn={1570-646X},
journal={Energy Efficiency},
volume={6},
number={2},
doi={10.1007/s12053-012-9169-3},
title={Energy consumption feedback in perspective: integrating Australian data to meta-analyses on in-home displays},
url={http://dx.doi.org/10.1007/s12053-012-9169-3},
publisher={Springer Netherlands},
keywords={Electricity consumption; In-home displays; Real-time feedback; Smart meters},
author={McKerracher, Colin and Torriti, Jacopo},
pages={387-405},
language={English}
}

@MISC{benveniste,
    author = {Eric Fabre and Stefan Haar and Albert Benveniste and Albert Benveniste},
    title = {Hidden Markov Models for Distributed and Concurrent Systems},
    year = {2000}
}
@techreport{hinton2000,
title={Training products of experts by minimizing contrastive divergence},
author={Hinton, Geoffrey E. },
number={GCNU TR 2000-004},
year={2000},
institution={Gatsby Computational Neuroscience Unit, University College London}
}

@INPROCEEDINGS{aistats,
title = {Proceedings of Artificial Intelligence and Statistics 2001},
booktitle = {Products of Hidden Markov Models},
author = {Brown, Andrew  and Hinton, Geoffrey},
year = {2001},
number = {GCNU TR 2000-008}
}

@article{fhmm,
 author = {Ghahramani, Zoubin and Jordan, Michael I.},
 title = {Factorial Hidden Markov Models},
 journal = {Mach. Learn.},
 issue_date = {Nov./Dec. 1997},
 volume = {29},
 number = {2-3},
 month = nov,
 year = {1997},
 issn = {0885-6125},
 pages = {245--273},
 numpages = {29},
 url = {http://dx.doi.org/10.1023/A:1007425814087},
 doi = {10.1023/A:1007425814087},
 acmid = {274165},
 publisher = {Kluwer Academic Publishers},
 address = {Hingham, MA, USA},
 keywords = {Bayesian networks, EM algorithm, Hidden Markov models, graphical models, mean field theory, time series},
} 

@thesis{andrew,
title = {Product Model for Sequences},
author = {Andrew Dennis Brown},
address = {Toronto},
year = {2001},
url ={http://www.gatsby.ucl.ac.uk/publications/andy_thesis_final.pdf}
}
