@techreport{hinton2000,
title={Training products of experts by minimizing contrastive divergence},
author={Hinton, Geoffrey E. },
number={GCNU TR 2000-004},
year={2000},
institution={Gatsby Computational Neuroscience Unit, University College London}
}

@online{code,
title = {Training products of experts by minimizing contrastive divergence},
author = {Murray, Iain},
year = {2012},
month = {June},
institution = {University of Edinburgh},
url = {http://homepages.inf.ed.ac.uk/imurray2/code/}
}

@INPROCEEDINGS{aistats,
title = {Proceedings of Artificial Intelligence and Statistics 2001},
booktitle = {Products of Hidden Markov Models},
author = {Brown, Andrew  and Hinton, Geoffrey},
year = {2001},
number = {GCNU TR 2000-008}
}