@inproceedings{Tsochantaridis_2004,
 author = {Tsochantaridis, Ioannis and Hofmann, Thomas and Joachims, Thorsten and Altun, Yasemin},
 title = {Support vector machine learning for interdependent and structured output spaces},
 booktitle = {Proceedings of the Twenty-first International Conference on Machine Learning},
 series = {ICML '04},
 year = {2004},
 location = {Banff, Alberta, Canada},
 pages = {104--}
}





