@BOOKLET{cdnc,
author = {California Digital Newspaper Collection},
title = {http://cdnc.ucr.edu/cdnc},
month = jun,
year = {2009},
url = {http://cdnc.ucr.edu/cdnc}
}

@ARTICLE{OCR,
AUTHOR = {Line Eikvil},
TITLE = {Optical Character Recognition},
MONTH = December,
YEAR = {1993},
url = {http://citeseerx.ist.psu.edu/viewdoc/summary?doi=10.1.1.25.3684}
}
@BOOK{eval,
	    AUTHOR = "Kazem Taghva, Julie Borsack,Allen Condit",
	    TITLE = "Evaluation of Model Based Retrieval Effectiveness with OCR Text",
	    VOLUME = 14,
	    ADDRESS = {New York, US},
	    YEAR = 1996}
@BOOK{noisy,
	    AUTHOR = "Kazem Taghva, Julie Borsack,Allen Condit and Srinivas Erva",
	    TITLE = "Effects of Noisy Data on Text Retrieval",
	    VOLUME = 45,
	    ADDRESS = {Las Vegas, US},
	    YEAR = 1993}
@INBOOK{book,
 AUTHOR = "Marko Grönroos",
	    TITLE = "Book of Vaadin: Vaadin 7 Preview edition ",
	    ADDRESS = {Vaadin Ltd},
	    YEAR = 2013}
}
@manual{eclipse,
TITLE = "http://www.eclipse.org/downloads/"
 }
@manual{vaadin,
TITLE = "https://vaadin.com/download"
 }
@manual{tomcat,
TITLE = "http://tomcat.apache.org/download-70.cgi"
 }
@manual{ant,
TITLE = "http://ant.apache.org/bindownload.cgi"
 }
@manual{postgres,
TITLE = "http://www.postgresql.org/download/"
 }
@manual{svn,
TITLE = "http://tortoisesvn.net/downloads.html"
 }
@manual{ER,
author = "Manoj Pooleery",
TITLE = "https://power.ldeo.columbia.edu/twiki/pub/Incubator/\\BodhiDBDesign/Final\_ERD.pdf"
 }
