@article{winnow,
year={1999},
issn={0885-6125},
journal={Machine Learning},
volume={34},
number={1-3},
doi={10.1023/A:1007545901558},
title={A Winnow-Based Approach to Context-Sensitive Spelling Correction},
publisher={Kluwer Academic Publishers},
keywords={Winnow; multiplicative weight-update algorithms; context-sensitive spelling correction; Bayesian classifiers},
author={Golding, AndrewR. and Roth, Dan},
pages={107-130},
language={English}
}

@ARTICLE{wikiedits,
author={Elif Yamangil and Rani Nelken},
title={Scalable Lexical Correction from Wikipedia Edits Using Perceptron Reranking},
JOURNAL = {unpublished},
YEAR = "2008",
}

@techreport{carlson1999snow,
  title={The SNoW learning architecture},
  author={Carlson, Andrew and Cumby, Chad and Rosen, Je and Roth, Dan},
  year={1999},
  institution={Technical Report UIUCDCS}
}
@book{Anand_13,
author= {Anand Rajaraman, Jure Leskovec, Jeffrey D. Ullman},
title={Mining Of Massive Datasets},
publisher={Cambridge University Press},
year= {2013},
link = {http://infolab.stanford.edu/~ullman/mmds/book.pdf,
http://i.stanford.edu/~ullman/pub/ch12.pdf}
}

@INCOLLECTION{Joachims:1999:MLS:299094.299104,
AUTHOR = {Joachims,Thorsten},
CHAPTER = {Making large-scale support vector machine learning practical},
TITLE = {Advances in kernel methods},
YEAR = {1999},
isbn = {0-262-19416-3},
PAGES = {169-184},
numpages = {16},
url = {http://dl.acm.org/citation.cfm?id=299094.299104},
acmid = {299104},
PUBLISHER = {MIT Press},
ADDRESS = {Cambridge, MA, USA}
}

@article{menon2009large,
  title={Large-scale support vector machines: algorithms and theory},
  author={Menon, Aditya Krishna},
  journal={Research Exam, University of California, San Diego},
  year={2009}
}

@ARTICLE{ibm,
AUTHOR = {Ibm Corporation},
TITLE = {Bigdata: Why it matters to the midmarket},
JOURNAL = {Forward View: The magazine for mid-size business},
YEAR = {2012}
}
@article{structuredML,
year={2008},
issn={0885-6125},
journal={Machine Learning},
volume={73},
number={1},
doi={10.1007/s10994-008-5079-1},
title={Structured machine learning: the next ten years},
url={http://dx.doi.org/10.1007/s10994-008-5079-1},
publisher={Springer US},
keywords={Inductive logic programming; Relational learning; Statistical relational learning; Structured machine learning},
author={Dietterich, ThomasG. and Domingos, Pedro and Getoor, Lise and Muggleton, Stephen and Tadepalli, Prasad},
pages={3-23},
language={English}
}
