@BOOKLET{datasource,
author = {Chronicling America},
title = {http://chroniclingamerica.loc.gov/},
month = jun,
year = {2009},
url = {http://chroniclingamerica.loc.gov/}
}
@BOOKLET{cdnc,
author = {California Digital Newspaper Collection},
title = {http://cdnc.ucr.edu/cdnc},
month = jun,
year = {2009},
url = {http://cdnc.ucr.edu/cdnc}
}
@BOOKLET{digital,
author = {Digital Library Consulting,University of Waikato in Hamilton, New Zealand},
title = {http://www.dlconsulting.com/},
month = jan,
year = {1990},
url = {http://www.dlconsulting.com/}
}
@ARTICLE{OCR,
AUTHOR = {Line Eikvil},
TITLE = {Optical Character Recognition},
MONTH = December,
YEAR = {1993},
url = {http://citeseerx.ist.psu.edu/viewdoc/summary?doi=10.1.1.25.3684}
}
@BOOK{eval,
	    AUTHOR = "Kazem Taghva, Julie Borsack,Allen Condit",
	    TITLE = "Evaluation of Model Based Retrieval Effectiveness with OCR Text",
	    VOLUME = 14,
	    ADDRESS = {New York, US},
	    YEAR = 1996}
@book{noisy,
	    AUTHOR = "Kazem Taghva, Julie Borsack,Allen Condit and Srinivas Erva",
	    TITLE = "Effects of Noisy Data on Text Retrieval",
	    VOLUME = 45,
	    ADDRESS = {Las Vegas, US},
	    YEAR = 1993}